@misc{armadillo,
  author = {Conrad Sanderson and Ryan Curtin. },
  title = {Armadillo: a template-based C++ library for linear algebra. },
  year = 2016,
  howpublished = "\url{http://arma.sourceforge.net/docs.html#part_classes}",
  urldate = {2018-09-10}
}

@misc{HJ15,
  author        = {Morten Hjorth-Jensen},
  title         = {Lecture Notes Fall 2015: Lecture Notes Fall 2015
},
  month         = {Aug},
  year          = {2015},
  publisher={Department of Physics, University of Oslo}
}

